<?xml version="1.0" encoding="UTF-8"?>
<record xmlns="http://www.loc.gov/MARC21/slim" xmlns:xsi="http://www.w3.org/2001/XMLSchema-instance" xsi:schemaLocation="http://www.loc.gov/MARC21/slim http://www.loc.gov/standards/marcxml/schema/MARC21slim.xsd">
<leader>00000cam a22      a 4500</leader>
<controlfield tag="001">001682975</controlfield>
<controlfield tag="003">NNU</controlfield>
<controlfield tag="005">20160122164856.0</controlfield>
<controlfield tag="008">891004s1936    ua            000 0 arar</controlfield>
<datafield tag="010" ind1=" " ind2=" ">
<subfield code="a">ne 68003433</subfield>
</datafield>
<datafield tag="035" ind1=" " ind2=" ">
<subfield code="a">(OCoLC)23495047</subfield>
<subfield code="z">(OCoLC)5463003</subfield>
</datafield>
<datafield tag="040" ind1=" " ind2=" ">
<subfield code="a">DLC</subfield>
<subfield code="b">eng</subfield>
<subfield code="c">EYM</subfield>
<subfield code="d">DLC</subfield>
<subfield code="d">CLU</subfield>
<subfield code="d">ORZ</subfield>
<subfield code="d">OCLCF</subfield>
<subfield code="d">OCLCQ</subfield>
<subfield code="d">OCLCO</subfield>
</datafield>
<datafield tag="042" ind1=" " ind2=" ">
<subfield code="a">premarc</subfield>
</datafield>
<datafield tag="043" ind1=" " ind2=" ">
<subfield code="a">fn-----</subfield>
<subfield code="a">f-sj---</subfield>
</datafield>
<datafield tag="050" ind1="0" ind2="0">
<subfield code="a">DT108.15</subfield>
<subfield code="b">.U45</subfield>
</datafield>
<datafield tag="100" ind1="1" ind2=" ">
<subfield code="6">880-01</subfield>
<subfield code="a">Ṭūsūn, ʻUmar,</subfield>
<subfield code="c">Prince,</subfield>
<subfield code="d">1872-1944.</subfield>
</datafield>
<datafield tag="245" ind1="1" ind2="3">
<subfield code="6">880-02</subfield>
<subfield code="a">al-Masʼalah al-Sūdāniyah /</subfield>
<subfield code="c">[lil] ʻUmar Ṭūsūn.</subfield>
</datafield>
<datafield tag="260" ind1=" " ind2=" ">
<subfield code="a">Iskandarīya :</subfield>
<subfield code="b">Maṭb ʻat al-Mustaqbal,</subfield>
<subfield code="c">1926 [i.e. 1936]</subfield>
</datafield>
<datafield tag="300" ind1=" " ind2=" ">
<subfield code="a">102, 7 pages ;</subfield>
<subfield code="c">25 cm</subfield>
</datafield>
<datafield tag="336" ind1=" " ind2=" ">
<subfield code="a">text</subfield>
<subfield code="b">txt</subfield>
<subfield code="2">rdacontent</subfield>
</datafield>
<datafield tag="337" ind1=" " ind2=" ">
<subfield code="a">unmediated</subfield>
<subfield code="b">n</subfield>
<subfield code="2">rdamedia</subfield>
</datafield>
<datafield tag="338" ind1=" " ind2=" ">
<subfield code="a">volume</subfield>
<subfield code="b">nc</subfield>
<subfield code="2">rdacarrier</subfield>
</datafield>
<datafield tag="500" ind1=" " ind2=" ">
<subfield code="a">Romanized record.</subfield>
</datafield>
<datafield tag="651" ind1=" " ind2="0">
<subfield code="a">Sudan</subfield>
<subfield code="x">History</subfield>
<subfield code="y">1821-1881.</subfield>
</datafield>
<datafield tag="651" ind1=" " ind2="7">
<subfield code="a">Sudan.</subfield>
<subfield code="2">fast</subfield>
<subfield code="0">(OCoLC)fst01204591</subfield>
</datafield>
<datafield tag="648" ind1=" " ind2="7">
<subfield code="a">1821 - 1881.</subfield>
<subfield code="2">fast</subfield>
</datafield>
<datafield tag="655" ind1=" " ind2="7">
<subfield code="a">History.</subfield>
<subfield code="2">fast</subfield>
<subfield code="0">(OCoLC)fst01411628</subfield>
</datafield>
<datafield tag="776" ind1="0" ind2="8">
<subfield code="i">Online version:</subfield>
<subfield code="a">Ṭūsūn, ʻUmar, Prince, 1872-1944.</subfield>
<subfield code="t">Masʼalah al-Sūdāniyah.</subfield>
<subfield code="d">Iskandarīya : Maṭb ʻat al-Mustaqbal, 1926 [i.e. 1936]</subfield>
<subfield code="w">(OCoLC)645318525</subfield>
</datafield>
<datafield tag="880" ind1="1" ind2=" ">
<subfield code="6">100-01/</subfield>
<subfield code="a">طوسون، عمر،</subfield>
<subfield code="c">الأمير.</subfield>
</datafield>
<datafield tag="880" ind1="1" ind2="3">
<subfield code="6">245-02/</subfield>
<subfield code="a">المسألة السودانية /</subfield>
<subfield code="c">للأمير عمر طوسون.</subfield>
</datafield>
<datafield tag="880" ind1=" " ind2=" ">
<subfield code="6">260-00/</subfield>
<subfield code="a">اسكندرية :</subfield>
<subfield code="b">مطبعة المستقبل،</subfield>
<subfield code="c">1936.</subfield>
</datafield>
<datafield tag="OWN" ind1=" " ind2=" ">
<subfield code="a">GENERAL</subfield>
</datafield>
<datafield tag="AVA" ind1=" " ind2=" ">
<subfield code="a">NYU50</subfield>
<subfield code="b">BOBST</subfield>
<subfield code="c">Main Collection</subfield>
<subfield code="d">DT82.5.G7 U45</subfield>
<subfield code="e">unavailable</subfield>
<subfield code="t">Unavailable</subfield>
<subfield code="f">1</subfield>
<subfield code="g">1</subfield>
<subfield code="h">N</subfield>
<subfield code="i">0</subfield>
<subfield code="j">MAIN</subfield>
<subfield code="k">0</subfield>
</datafield>
</record>
